%online references
@misc{BangaloreMirror:bulk_waste_generators,
  author = {Atul Chaturvedi},
  title = {6-MONTH DEADLINE FOR BULK WASTE GENERATORS},
  editor = {Bangalore Mirror},
  month = {October},
  year = 2014,
  url = {http://bangaloremirror.indiatimes.com/bangalore/civic/bruhat-bangalore-mahanagara-palike-bulk-waste-generators-restaurants-hotelschoultries-bbmp-truck-drivers/articleshow/44818194.cms?},
  urldate = {2017-03-30}
}

@misc{BBMP:SWMOverview,
  author = {BBMP},
  title = {Solid Waste Management Overview},
  year = 2014,
  url = {http://bbmp.gov.in/documents/10180/512162/Overview.pdf/8b6ef323-429c-4959-aceb-b894f0ee0685},
  urldate = {2017-03-30}
}

@misc{TheUglyIndian:about,
  author = {The Ugly Indian},
  title = {About Us},
  year = 2010,
  url = {http://www.theuglyindian.com/about_us.html},
  urldate = {2017-03-31}
}


@online{HDInsight:pricing,
  author = {Microsoft Azure},
  title = {{Microsoft Azure} Pricing - HDInsight (Hadoop)},
  year = 2017,
  url = {https://azure.microsoft.com/en-in/pricing/details/hdinsight/},
  howpublished = {\url{https://azure.microsoft.com/en-in/pricing/details/hdinsight/}},
  urldate = {2017-03-18}
}

% references to chapters in books
@incollection{Booth:ea:2011,
  title={The literature review: its role within research},
  booktitle={Systematic approaches to a successful literature review},
  author={Booth, Andrew and Sutton, Anthea and Papaioannou, Diana},
  year={2011},
  publisher={Sage},
  chapter={1},
  pages={1--16},
  url={https://www.sagepub.com/sites/default/files/upm-binaries/43465_Booth_et_al.pdf}
}

% reference to entire book
@book{Hart:1998:book,
  title={Doing a literature review: Releasing the social science research imagination},
  author={Hart, Chris},
  year={1998},
  publisher={Sage},
  url={http://www.academia.edu/download/35996527/Doing_a_L_review.pdf}
}

% references to papers in proceedings
@inproceedings{Culotta:ea:2014,
  title={Predicting the Demographics of Twitter Users from Website Traffic Data.},
  author={Culotta, Aron and Kumar, Nirmal Ravi and Cutler, Jennifer},
  booktitle={AAAI},
  pages={72--78},
  year={2015}
}


